
@book{mlTextbook,
  author = "{John D. Kelleher and Brian Mac Namee and Aoife D'Arcy}",
  title = "{Fundamentals of Machine Learning for Predictive Data Analytics}",
  publisher = "{Massachusetts Institute of Technology}",
  edition   = {1st},
  year = "{2015}"
}

@misc{informationBasedLearning_slides,
  author={Andries Engelbrecht},
  title = {Topic 2: Information-based Learning},
  howpublished = {\url{https://stemlearn.sun.ac.za/mod/folder/view.php?id=64276}},
  year = {2025},
  note = {Accessed: {2025-09-01}}
}

@misc{myrepo,
  author = {Visagie, Schalk},
  title = {Assignment 3 ML},
  year = {2025},
  publisher = {GitHub},
  journal = {GitHub repository},
  howpublished = {\url{https://github.com/ThreadAgain/ml-assignment-3}},
  commit = {@latest}
}

@misc{kaggleTimeSeriesWeather,
	author = {Parth Dande},
	title = {{T}ime{S}eries {W}eather {D}ataset --- kaggle.com},
	howpublished = {\url{https://www.kaggle.com/datasets/parthdande/timeseries-weather-dataset?select=Weather_dataset.csv}},
	year = {2024},
	note = {[Accessed 22-09-2025]},
}

@misc{yahoosnp500,
	author = {Yahoo Finance},
	title = {S\&P 500 (\^\ GSPC)},
	howpublished = {\url{https://finance.yahoo.com/quote/\%5EGSPC/}},
	year = {2025},
	note = {[Accessed 22-09-2025]},
}

@misc{yahoovix,
	author = {Yahoo Finance},
	title = {Chicago Board Options Exchange Volatility Index (\^\ VIX)},
	howpublished = {\url{https://finance.yahoo.com/quote/\%5EVIX/}},
	year = {2025},
	note = {[Accessed 22-09-2025]},
}

@misc{elec_cons,
doi = {10.21227/e40r-rf81},
url = {https://dx.doi.org/10.21227/e40r-rf81},
author = {Wutao Xiong},
publisher = {IEEE Dataport},
title = {ElectricityLoadDiagrams20112014},
year = {2024} 
}

@misc{quarkmlBackpropagationThrough,
	author = {Sidharth GN},
	title = {{B}ackpropagation {T}hrough {T}ime ({B}{P}{T}{T}): {E}xplained {W}ith {D}erivations},
	howpublished = {\url{https://www.quarkml.com/2023/08/backpropagation-through-time-explained-with-derivations.html}},
	year = {2025},
	note = {[Accessed 24-09-2025]},
}

@misc{CrossValidationTimeseries,
	author = {Soumya Shrivastava},
	title = {{C}ross {V}alidation in {T}ime {S}eries},
	howpublished = {\url{https://medium.com/@soumyachess1496/cross-validation-in-time-series-566ae4981ce4}},
	year = {2020},
	note = {[Accessed 30-09-2025]},
}

@misc{StationarityTests,
	author = {Tannya Sharma},
	title = {{C}{O}{M}{P}{A}{R}{I}{S}{I}{O}{N} {S}{T}{U}{D}{Y} {O}{F} {A}{D}{F} vs {K}{P}{S}{S} {T}{E}{S}{T}},
	howpublished = {\url{https://medium.com/@tannyasharma21/comparision-study-of-adf-vs-kpss-test-c9d8dec4f62a}},
	year = {2023},
	note = {[Accessed 01-10-2025]},
}

@misc{kingma2017adammethodstochasticoptimization,
      title={Adam: A Method for Stochastic Optimization}, 
      author={Diederik P. Kingma and Jimmy Ba},
      year={2017},
      eprint={1412.6980},
      archivePrefix={arXiv},
      primaryClass={cs.LG},
      url={https://arxiv.org/abs/1412.6980}, 
}

@misc{machinelearningmasteryGentleIntroduction,
	author = {Jason Brownlee},
	title = {{G}entle {I}ntroduction to the {A}dam {O}ptimization {A}lgorithm for {D}eep {L}earning - {M}achine{L}earning{M}astery.com},
	howpublished = {\url{https://machinelearningmastery.com/adam-optimization-algorithm-for-deep-learning/}},
	year = {2023},
	note = {[Accessed 01-10-2025]},
}